@book{Huy,
    AUTHOR = {Huybrechts, Daniel},
     TITLE = {Complex geometry},
    SERIES = {Universitext},
 PUBLISHER = {Springer-Verlag},
   ADDRESS = {Berlin},
      YEAR = {2005},
     PAGES = {xii+309},
  MRNUMBER = {2005h:32052},
}

@techreport{HuyArx,
    AUTHOR = {Huybrechts, Daniel},
    TITLE = {Infinitesimal variation of harmonic forms and {L}efschetz
        decomposition}, 
    ARXIV = {math/0102116},
    TYPE = {preprint},
    NOTE = {\texttt{arXiv:math/0102116}},
}

@unpublished{Coffman,
AUTHOR = {Coffman, Adam},
TITLE = {Trace, metric and reality},
NOTE = {Available on the author's website \texttt{http://www.ipfw.edu/math/Coffman/}},
}

@article{Chen-Ogiue,
    AUTHOR = {Chen, Bang-yen and Ogiue, Koichi},
     TITLE = {Some characterizations of complex space forms in terms of
         {C}hern classes},
   JOURNAL = {Quart. J. Math. Oxford Ser. (2)},
    VOLUME = {26},
      YEAR = {1975},
    NUMBER = {104},
     PAGES = {459--464},
  MRNUMBER = {0405303},
}

@article{Gieseker,
    AUTHOR = {Gieseker, David},
     TITLE = {On a theorem of {B}ogomolov on {C}hern classes of stable
              bundles},
   JOURNAL = {Amer. J. Math.},
    VOLUME = {101},
      YEAR = {1979},
    NUMBER = {1},
     PAGES = {77--85},
  MRNUMBER = {80j:14015},
       DOI = {10.2307/2373939},
       URL = {http://dx.doi.org/10.2307/2373939},
}

@article{Bogomolov,
    AUTHOR = {Bogomolov, Fedor A.},
     TITLE = {Holomorphic tensors and vector bundles on projective
              manifolds},
   JOURNAL = {Math. USSR Izv.},
    VOLUME = {13},
    NUMBER = {3},
      YEAR = {1979},
     PAGES = {499--555},
  MRNUMBER = {80j:14014},
  DOI = {doi:10.1070/IM1979v013n03ABEH002076},
}

@article{Lubke,
    AUTHOR = {L{\"u}bke, Martin},
     TITLE = {Chernklassen von {H}ermite--{E}instein--{V}ektorb\"{u}ndeln},
   JOURNAL = {Math. Ann.},
    VOLUME = {260},
      YEAR = {1982},
    NUMBER = {1},
     PAGES = {133--141},
  MRNUMBER = {83m:32031},
       DOI = {10.1007/BF01475761},
       URL = {http://dx.doi.org/10.1007/BF01475761},
}

@article{LubkeStab,
    AUTHOR = {L{\"u}bke, Martin},
     TITLE = {Stability of {E}instein--{H}ermitian vector bundles},
   JOURNAL = {Manuscripta Math.},
    VOLUME = {42},
      YEAR = {1983},
    NUMBER = {2--3},
     PAGES = {245--257},
  MRNUMBER = {701206},
       DOI = {10.1007/BF01169586},
       URL = {http://dx.doi.org/10.1007/BF01169586},
}

@article{Kobayashi,
    AUTHOR = {Kobayashi, Shoshichi},
     TITLE = {Curvature and stability of vector bundles},
   JOURNAL = {Proc. Japan Acad. Ser. A Math. Sci.},
    VOLUME = {58},
      YEAR = {1982},
    NUMBER = {4},
     PAGES = {158--162},
  MRNUMBER = {664562},
       URL = {http://projecteuclid.org/getRecord?id=euclid.pja/1195516072},
}

@book{Siu,
    AUTHOR = {Siu, Yum-Tong},
     TITLE = {Lectures on {H}ermitian--{E}instein metrics for stable bundles
              and {K}\"{a}hler--{E}instein metrics},
    SERIES = {DMV Seminar},
    NUMBER = {8},
 PUBLISHER = {Birkh\"{a}user},
   ADDRESS = {Basel},
      YEAR = {1987},
     PAGES = {171},
  MRNUMBER = {904673},
}

@incollection{OEIS,
    KEY = {OEIS},
    TITLE = {Sequence {A}000275},
    BOOKTITLE = {The On-Line Encyclopedia of Integer Sequences},
    NOTE = {published electronically at
        \texttt{http://oeis.org/A000275}},

    INVHOWPUBLISHED = {published electronically at
        \texttt{http://oeis.org/A000275}},
    INVURL = {http://oeis.org/A000275},
    YEAR = {2013},
}

@article{Carlitz,
    AUTHOR = {Carlitz, Leonard},
     TITLE = {The coefficients of the reciprocal of {$J_0(x)$}},
   JOURNAL = {Arch. Math.},
    VOLUME = {6},
      YEAR = {1955},
     PAGES = {121--127},
  MRNUMBER = {0066409},
}

@article{Riordan,
    AUTHOR = {Riordan, John},
     TITLE = {Inverse relations and combinatorial identities},
   JOURNAL = {Amer. Math. Monthly},
    VOLUME = {71},
      YEAR = {1964},
     PAGES = {485--498},
  MRNUMBER = {0169791},
}

@incollection{Yau,
    AUTHOR = {Yau, Shing-Tung},
    TITLE = {Problem section},
    BOOKTITLE = {Seminar on Differential Geometry},
    SERIES = {Annals Math. Studies},
    INVSERIES = {Annals of Mathematics Studies},
    NUMBER = {102},
    EDITOR = {Yau, S.-T.},
    INVEDITOR = {Yau, Shing-Tung},
      INVNOTE = {Papers presented at seminars held during the academic year
              1979--1980},
 PUBLISHER = {Princeton Univ. Press},
   INVADDRESS = {Princeton, N.J.},
      YEAR = {1982},
     INVPAGES = {ix+706},
  MRNUMBER = {645728},
}

@article{Yau2,
    AUTHOR = {Yau, Shing-Tung},
     TITLE = {Calabi's conjecture and some new results in algebraic
              geometry},
   JOURNAL = {Proc. Nat. Acad. Sci. U.S.A.},
  FJOURNAL = {Proceedings of the National Academy of Sciences of the United
              States of America},
    VOLUME = {74},
      YEAR = {1977},
    NUMBER = {5},
     PAGES = {1798--1799},
  MRNUMBER = {0451180},
}

@article{Miyaoka,
    AUTHOR = {Miyaoka, Yoichi},
     TITLE = {On the {C}hern numbers of surfaces of general type},
   JOURNAL = {Invent. Math.},
    VOLUME = {42},
      YEAR = {1977},
     PAGES = {225--237},
  MRNUMBER = {0460343},
       DOI = {10.1007/BF01389789},
}
